@ARTICLE{Jackson2022,
       author = {{Jackson}, Brian},
        title = "{Vortices and Dust Devils as Observed by the Mars Environmental Dynamics Analyzer Instruments on Board the Mars 2020 Perseverance Rover}",
      journal = {\psj},
     keywords = {1007, 1244, 1245, Astrophysics - Earth and Planetary Astrophysics},
         year = 2022,
        month = jan,
       volume = {3},
       number = {1},
          eid = {20},
        pages = {20},
          doi = {10.3847/PSJ/ac4586},
archivePrefix = {arXiv},
       eprint = {2109.04601},
 primaryClass = {astro-ph.EP},
       adsurl = {https://ui.adsabs.harvard.edu/abs/2022PSJ.....3...20J},
      adsnote = {Provided by the SAO/NASA Astrophysics Data System}
}

@ARTICLE{Neakreas2010,
   author = {{Neakrase}, L.~D.~V. and {Greeley}, R.},
    title = "{Dust devil sediment flux on Earth and Mars: Laboratory simulations}",
  journal = {Icarus},
     year = 2010,
    month = mar,
   volume = 206,
    pages = {306-318},
      doi = {10.1016/j.icarus.2009.08.028},
   adsurl = {http://adsabs.harvard.edu/abs/2010Icar..206..306N},
  adsnote = {Provided by the SAO/NASA Astrophysics Data System}
}

@ARTICLE{Lorenz2016,
   author = {{Lorenz}, R.~D. and {Jackson}, B.~K.},
    title = "{Dust Devil Populations and Statistics}",
  journal = {\ssr},
 keywords = {Dust devils, Statistics, Power law},
     year = 2016,
    month = nov,
   volume = 203,
    pages = {277-297},
      doi = {10.1007/s11214-016-0277-9},
   adsurl = {http://adsabs.harvard.edu/abs/2016SSRv..203..277L},
  adsnote = {Provided by the SAO/NASA Astrophysics Data System}
}

@ARTICLE{Spiga2021,
       author = {{Spiga}, A. and {Murdoch}, N. and {Lorenz}, R. and {Forget}, F. and {Newman}, C. and {Rodriguez}, S. and {Pla-Garcia}, J. and {Moreiras}, D. Vi{\'u}dez and {Banfield}, D. and {Perrin}, C. and {Mueller}, N.~T. and {Lemmon}, M. and {Millour}, E. and {Banerdt}, W.~B.},
        title = "{A Study of Daytime Convective Vortices and Turbulence in the Martian Planetary Boundary Layer Based on Half-a-Year of InSight Atmospheric Measurements and Large-Eddy Simulations}",
      journal = {Journal of Geophysical Research (Planets)},
     keywords = {Astrophysics - Earth and Planetary Astrophysics, Physics - Atmospheric and Oceanic Physics, Physics - Fluid Dynamics},
         year = 2021,
        month = jan,
       volume = {126},
       number = {1},
          eid = {e06511},
        pages = {e06511},
          doi = {10.1029/2020JE006511},
archivePrefix = {arXiv},
       eprint = {2005.01134},
 primaryClass = {astro-ph.EP},
       adsurl = {https://ui.adsabs.harvard.edu/abs/2021JGRE..12606511S},
      adsnote = {Provided by the SAO/NASA Astrophysics Data System}
}

@techreport{DecadalSurvey,
  title={Origins, Worlds, and Life: A Decadal Strategy for Planetary Science and Astrobiology 2023-2032},
  author={National Academies of Sciences, Engineering, and Medicine},
  year={2023},
  institution={Washington, DC: The National Academies Press},
  doi={10.17226/26522}
}

@techreport{MCESAG,
  title={Mars Concurrent Exploration Science Analysis Group (MCE-SAG) Final Report},
  author={Mischna, Michael and Horgan, Briony and ...},
  year={2023},
  institution={MEPAG}
}

@INPROCEEDINGS{Diniega2022,
   author = {Diniega, Serina and Barba, Nathan and Giersch, Lou and Jackson, Brian and Soto, Alejandro and Banfield, Don and Day, Mackenzie and Doran, Gary and Dundas, Colin M. and Mischna, Michael and Rafkin, Scot and Smith, Isaac and Sullivan, Rob and Swann, Christy and Titus, Timothy and Walker, Ian and Widmer, Jacob and Burr, Devon and Mandrake, Lucas and Vriend, Nathalie and Williams, Kaj},
    title = "{It's Time for Focused In Situ Studies of Planetary Surface-atmosphere Interactions}",
  booktitle = {Proceedings of IEEE Aerospace Conference},
     year = 2022,
      doi = {10.1109/AERO53065.2022.9843357}
}

@ARTICLE{Jackson2023,
   author = {Jackson, Brian and Diniega, Serina and Titus, Tim and Soto, Alejandro and Rivera-Valentin, Edgard},
    title = "{The Nitty-Gritty Forces that Shape Planetary Surfaces}",
  journal = {EOS},
     year = 2023,
    month = jun,
   volume = 104,
      doi = {10.1029/2023EO230227}
}

@ARTICLE{Jackson2022b,
       author = {{Jackson}, Brian},
        title = "{Estimating the Heights of Martian Vortices from Mars 2020 MEDA Data}",
      journal = {\psj},
         year = 2022,
        month = aug,
       volume = {3},
        pages = {12},
          doi = {10.3847/PSJ/ac87f3}
}

@article{Heavens2019,
  title={Dusty Deep Convection in the Mars Year 34 Planet-Encircling Dust Event},
  author={Heavens, Nicholas G and Kass, David M and Shirley, James H},
  journal={Journal of Geophysical Research: Planets},
  volume={124},
  number={11},
  pages={2863--2892},
  year={2019},
  publisher={Wiley Online Library}
}

@inproceedings{Staab2020,
  title={MER Opportunity Dust-storm Recovery Operations and Implications for Future Mars Surface Missions},
  author={Staab, Michael S and Herman, Jennifer A and Reich, Kevin and Sridhar, Vishnu and Nelson, Robert W},
  booktitle={2020 IEEE Aerospace Conference},
  pages={1--20},
  year={2020},
  organization={IEEE}
}

@article{Kass2020,
  title={Mars Climate Sounder observation of Mars' 2018 global dust storm},
  author={Kass, DM and Schofield, JT and Kleinb{\"o}hl, A and McCleese, DJ and Heavens, NG and Shirley, JH and Steele, LJ},
  journal={Geophysical Research Letters},
  volume={47},
  number={23},
  pages={e2019GL083931},
  year={2020},
  publisher={Wiley Online Library}
}

@article{Madeleine2011,
  title={Revisiting the radiative impact of dust on Mars using the LMD Global Climate Model},
  author={Madeleine, J-B and Forget, F and Millour, E and Montabone, L and Wolff, MJ},
  journal={Journal of Geophysical Research: Planets},
  volume={116},
  number={E11},
  year={2011},
  publisher={Wiley Online Library}
}

@inproceedings{Forget2017,
  title={Atmospheric dust on Mars: A review},
  author={Forget, Fran{\c{c}}ois and Montabone, Luca},
  year={2017},
  booktitle={47th International Conference on Environmental Systems}
}

@article{Heavens2011,
  title={The vertical distribution of dust in the Martian atmosphere during northern spring and summer: Observations by the Mars Climate Sounder and analysis of zonal average vertical dust profiles},
  author={Heavens, NG and Richardson, MI and Kleinb{\"o}hl, A and Kass, DM and McCleese, DJ and Abdou, W and Benson, JL and Schofield, JT and Shirley, JH and Wolkenberg, PM},
  journal={Journal of Geophysical Research: Planets},
  volume={116},
  number={E4},
  year={2011},
  publisher={Wiley Online Library}
}

@article{Mccleese2007,
  title={Mars Climate Sounder: An investigation of thermal and water vapor structure, dust and condensate distributions in the atmosphere, and energy balance of the polar regions},
  author={McCleese, DJ and Schofield, JT and Taylor, FW and Calcutt, SB and Foote, MC and Kass, DM and Leovy, CB and Paige, DA and Read, PL and Zurek, RW},
  journal={Journal of Geophysical Research: Planets},
  volume={112},
  number={E5},
  year={2007},
  publisher={Wiley Online Library}
}

@article{Mulholland2015,
  title={An assessment of the impact of local processes on dust lifting in martian climate models},
  author={Mulholland, David P and Spiga, Aymeric and Listowski, Constantino and Read, Peter L},
  journal={Icarus},
  volume={252},
  pages={212--227},
  year={2015},
  publisher={Elsevier}
}

@article{Batterson2023,
  title={Modeling the ``B''' regional dust storm on Mars: Dust lofting mechanisms predicted by the new NASA Ames Mars GCM},
  author={Batterson, Courtney ML and Kahre, Melinda A and Bridger, Alison FC and Wilson, R John and Urata, Richard A and Bertrand, Tanguy},
  journal={Icarus},
  volume={400},
  pages={115542},
  year={2023},
  publisher={Elsevier}
}

@article{Bapst2022,
  title={Surface dust redistribution on Mars from interannual differences in temperature and albedo},
  author={Bapst, J and Piqueux, S and Edwards, CS and Wolfe, C and Hayne, PO and Kass, DM and Kleinb{\"o}hl, A},
  journal={Journal of Geophysical Research: Planets},
  volume={127},
  number={12},
  pages={e2022JE007365},
  year={2022},
  publisher={Wiley Online Library}
}

@article{Martin1986,
  title={Thermal infrared opacity of the Mars atmosphere},
  author={Martin, Terry Z},
  journal={Icarus},
  volume={66},
  number={1},
  pages={2--21},
  year={1986},
  publisher={Elsevier}
}

@article{Smith2001,
  title={Thermal Emission Spectrometer results: Mars atmospheric thermal structure and aerosol distribution (Paper 2000JE001321)},
  author={Smith, MD and Pearl, JC and Conrath, BJ and Christensen, PR},
  journal={JOURNAL OF GEOPHYSICAL RESEARCH-ALL SERIES-},
  volume={106},
  number={10; SECT 5},
  pages={23--929},
  year={2001},
  publisher={AGU AMERICAN GEOPHYSICAL UNION}
}

@article{Thomas1985,
  title={Dust devils on Mars},
  author={Thomas, Peter and Gierasch, Peter J},
  journal={Science},
  volume={230},
  number={4722},
  pages={175--177},
  year={1985},
  publisher={American Association for the Advancement of Science}
}

@article{Metzger1999,
  title={Dust devil vortices seen by the Mars Pathfinder camera},
  author={Metzger, Stephen M and Carr, James R and Johnson, Jeffrey R and Parker, Timothy J and Lemmon, Mark T},
  journal={Geophysical Research Letters},
  volume={26},
  number={18},
  pages={2781--2784},
  year={1999},
  publisher={Wiley Online Library}
}

@article{Kurgansky2012,
  title={Statistical distribution of atmospheric dust devils},
  author={Kurgansky, MV},
  journal={Icarus},
  volume={219},
  number={2},
  pages={556--560},
  year={2012},
  publisher={Elsevier}
}

@article{Guzewich2023,
  title={Dust lifting observations with the Mars Science Laboratory navigation cameras},
  author={Guzewich, Scott D and Mason, Emily L and Lemmon, Mark T and Newman, Claire E and Lewis, Kevin W},
  journal={Journal of Geophysical Research: Planets},
  volume={128},
  number={10},
  pages={e2023JE007959},
  year={2023},
  publisher={Wiley Online Library}
}

@article{Lemmon2015,
  title={Dust aerosol, clouds, and the atmospheric optical depth record over 5 Mars years of the Mars Exploration Rover mission},
  author={Lemmon, Mark T and Wolff, Michael J and Bell III, James F and Smith, Michael D and Cantor, Bruce A and Smith, Peter H},
  journal={Icarus},
  volume={251},
  pages={96--111},
  year={2015},
  publisher={Elsevier}
}

@article{Castano2008,
  title={Automatic detection of dust devils and clouds on Mars},
  author={Castano, Andres and Fukunaga, Alex and Biesiadecki, Jeffrey and Neakrase, Lynn and Whelley, Patrick and Greeley, Ronald and Lemmon, Mark and Castano, Rebecca and Chien, Steve},
  journal={Machine Vision and Applications},
  volume={19},
  pages={467--482},
  year={2008},
  publisher={Springer}
}

@article{Jackson2015,
  title={A multiyear dust devil vortex survey using an automated search of pressure time series},
  author={Jackson, Brian and Lorenz, Ralph},
  journal={Journal of Geophysical Research: Planets},
  volume={120},
  number={3},
  pages={401--412},
  year={2015},
  publisher={Wiley Online Library}
}

@article{Lorenz2021,
  title={Dust devil winds: assessing dry convective vortex intensity limits at planetary surfaces},
  author={Lorenz, Ralph D},
  journal={Icarus},
  volume={354},
  pages={114062},
  year={2021},
  publisher={Elsevier}
}