@ARTICLE{2022PSJ.....3...20J,
       author = {{Jackson}, Brian},
        title = "{Vortices and Dust Devils as Observed by the Mars Environmental Dynamics Analyzer Instruments on Board the Mars 2020 Perseverance Rover}",
      journal = {\psj},
     keywords = {1007, 1244, 1245, Astrophysics - Earth and Planetary Astrophysics},
         year = 2022,
        month = jan,
       volume = {3},
       number = {1},
          eid = {20},
        pages = {20},
          doi = {10.3847/PSJ/ac4586},
archivePrefix = {arXiv},
       eprint = {2109.04601},
 primaryClass = {astro-ph.EP},
       adsurl = {https://ui.adsabs.harvard.edu/abs/2022PSJ.....3...20J},
      adsnote = {Provided by the SAO/NASA Astrophysics Data System}
}

